@article{thomas,
    author = "Neil Robertson and Daniel P. Sanders and Paul Seymour and Robin Thomas",
    title = "A New Proof of the Four-Color Theorem",
    journal = "Electronic Research Announcements American Mathematical Society",
    volume = "2",
    number = "1",
    year = "1996",
}

@article{birkhoff,
  author = {George D. Birkhoff},
  journal = {American Journal of Mathematics},
  number = {2},
  title = {The Reducibility of Maps},
  volume = {Vol. 35},
  year = {1913}
}