@article{thomas,
  author  = {Neil Robertson and Daniel P. Sanders and Paul Seymour and Robin Thomas},
  title   = {A New Proof of the Four-Color Theorem},
  journal = {Electronic Research Announcements American Mathematical Society},
  volume  = {2},
  number  = {1},
  year    = {1996}
}

@article{birkhoff,
  author  = {George David Birkhoff},
  journal = {American Journal of Mathematics},
  number  = {2},
  title   = {The Reducibility of Maps},
  volume  = {Vol. 35},
  year    = {1913}
}

@article{kempe,
  author  = { Alfred Bray Kempe },
  journal = { American Journal of Mathematics },
  number  = { 3 },
  title   = { On the Geographical Problem of the Four Colours },
  volume  = { Vol. 2},
  year    = { 1879 }
}

@book{rudolf,
  author = { Rudolf Fritsch and Gerda Fritsch },
  title = { The Four-Color Theorem. History, Topological Foundations, and Idea of Proof. },
  year = { 1998 },
  publisher = { Springer },
}

@article{johnp,
  author = { John P. Steinberger },
  title = { An Unavoidable Set of D-reducible Configurations },
  year = { 2009 },
  journal = { arXiv },
}

@article{appel,
  author = { Kenneth Appel and Wolfgang Haken },
  title = { Every Planar Map is Four Colorable },
  year = { 1976 },
  journal = { Bulletin of the American Mathematical Society },
  volume = { Vol. 82 },
  number = { 5 },
}

@online{github,
  author = { Timothy van der Valk },
  title = { Heart of the Four Color Theorem. },
  url = { https://github.com/arceryz/heart-4color }
}

@article{bernhart,
  author = { Arthur Frederick Bernhart },
  title = { Another reducible edge configuration },
  year = { 1947 },
  journal = { American Mathematical Journal of Mathematics },
}

@article{heesch,
  author = { H. Heesch },
  title = { Untersuchungen zum Vierfarbenproblem },
  journal = { Hochschulskriptum 810/a/b Bilbiographisches Instit√ºt Mannheim },
  year = { 1969 },
}

@article{frankallaire,
  author = { Frank Allaire, Edward Reinier Swart },
  title = { A Systematic Approach to the Determination of Reducible Configurations in the Four-Color Conjecture },
  year = { 1976 },
  journal = {Journal of Combinatorial Theory },
  volume = { Series B 25, 339-362 }
}